@book{dataAndGoliath,
  title={{Data and Goliath}},
  author={Bruce Schneier},
  isbn={978-0-393-24481-6},
  url={https://ciberativismoeguerra.files.wordpress.com/2017/09/bruce-schneier-data-and-goliath_-2015.pdf?fbclid=IwAR09YaaY3-Fe2l-7ZQa07Jy9n4VYvn4XdwZ9yCJziEX_glPREXuLf72r4QI},
  year={2015},
  publisher={W.W.Norton},
  address = {New York}
}
@book{tInOnl,
  title={{Trust in Online Information}},
  author={Teun Lucassen},
  isbn={978-90-365-3485-7},
  url={http://teunlucassen.nl/wp-content/uploads/2013/02/Teun-Lucassen-Trust-in-Online-Information.pdf?fbclid=IwAR3wO6F70TPkPnXEpfj9TZQuBUsAAGoiXvWPL9Ed6OXlO-s4AiVlTGRJSeo},
  year={2013},
  publisher={Centre for Telematics and Information Technology},
  address = {The Netherlands}
}

@misc{6exp,
   title={{6 Examples of Phishing and How to Identify Them}},
   note = {on-line at: \url{https://wuvavi.com/2018/07/16/7-phishing-examples/}},
   author={Jon Santavy},
   year={2018}
}

@misc{fakePr,
    title = {{A sneak into the Devil’s Colony- Fake Profiles in Online Social Networks}},
    note={on-line at:\url{https://arxiv.org/ftp/arxiv/papers/1705/1705.09929.pdf}},
    author = {Mudasir Ahmad Wani,Suraiya Jabina},
    year={2017}
}
@misc{nig,
    title = {{Vrste internet prevara - pojam, značaj i uticaj na
            ekonomske i moralne aspekte društvene zajednice}},
    note={on-line at:\url{https://www.academia.edu/3061962/Vrste_internet_prevara-pojam_zna%C4%8Daj_i_uticaj_na_ekonomske_i_moralne_aspekte_dru%C5%A1tvene_zajednice/}},
    author = {Jelena Matijašević, Žaklina Spalević},
    year = {2012}
}
@book{noPlaceToHide,
  title={{No Place to Hide: Edward Snowden, the NSA, and the U.S. Surveillance State}},
  author={Glenn Greenwald},
  isbn={978-0-241-14669-9},
  url={https://archive.org/stream/pdfy-jczuhqxxCAsjKlM0/no+place+to+hide+%28edward+snowden+and+gleen+greenwald%29+complete_djvu.txt},
  year={2014},
  publisher={Metropolitian Books},
  address = {New York}
}
@book{theNetDelusion,
  title={{The Net Delusion: The Dark Side of Internet Freedom}},
  author={Evgeny Morozov},
  isbn={978-1-610-39106-1},
  url={https://www.amazon.com/Net-Delusion-Dark-Internet-Freedom/dp/1610391063},
  year={2011},
  publisher={PublicAffairs},
  address = {New York}
}
@misc{marxSchremsFT,
    title = {{Max Schrems: the man who took on Facebook - and won}},
    note={on-line at:\url{https://www.ft.com/content/86d1ce50-3799-11e8-8eee-e06bde01c544/}},
    author = {Hannah Kuchler},
    year = {2018}
}
@misc{facebookExperiment,
    title = {{Experimental evidence of massive-scale emotional contagion through social networks}},
    note={on-line at:\url{https://www.pnas.org/content/111/24/8788}},
    author = {Adam D. I. Kramer, Jamie E. Guillory, Jeffrey T. Hancock},
    year = {2014}
}
@misc{flashlightApp,
    title = {{Android torch app with over 50m downloads silently sent user location and device data to advertisers}},
    note={on-line at:\url{https://www.theguardian.com/technology/2013/dec/06/android-app-50m-downloads-sent-data-advertisers}},
    author = {Charles Arthur, The Guardian},
    year = {2013}
}